% This file was created with JabRef 2.10.
% Encoding: ISO8859-1

@book{stroustrup2000c++,
  title={The C++ programming language},
  author={Stroustrup, Bjarne},
  year={2000},
  publisher={Pearson Education India}
}
