% Encoding: ASCII

@inproceedings{Mitra.Nguyen-2003,
  title           = {Estimating surface normals in noisy point cloud data},
  author          = {Mitra, Niloy J. and Nguyen, An},
  booktitle       = {Proceedings of the nineteenth annual symposium on Computational geometry},
  year            = {2003}
}

@article{Ho.Gibbins-2009,
  title           = {Curvature-based approach for multi-scale feature extraction from 3D meshes and unstructured point clouds},
  author          = {Ho, Huy Tho and Gibbins, Danny},
  journal         = {IET Computer Vision},
  volume          = {3},
  number          = {4},
  year            = {2009}
}

@article{Remondino.ElHakim-2006,
  title           = {Image-based 3D modelling: a review},
  author          = {Remondino, Fabio and El-Hakim, Sabry},
  journal         = {The Photogrammetric Record},
  volume          = {21},
  number          = {115},
  year            = {2006}
}

@article{Collis-1970,
  author          = {Collis, R. T. H.},
  title           = {Lidar},
  journal         = {Applied Optics},
  volume          = {9},
  number          = {8},
  year            = {1970}
}

@book{Linder-2009,
  author         = {Linder, Wilfried},
  editor         = {XXX},
  title          = {Digital Photogrammetry, A Practical Course},
  publisher      = {Springer},
  year           = {2009}
}

@article{Puente.etal-2013,
  title          = {Review of mobile mapping and surveying technologies},
  author         = {Puente, I. and Gonzalez-Jorge, H. and Martinez-Sanchez, J and Arias, P.},
  journal        = {Measurement},
  volume         = {46},
  number         = {7},
  year           = {2013}
}

@article{Ellum.ElSheimy-2002,
  title          = {Land-based mobile mapping systems},
  author         = {Ellum, Cameron and El-Sheimy, Nasser},
  journal        = {Photogrammetric engineering and remote sensing},
  volume         = {68},
  number         = {1},
  year           = {2002}
}
% intro end ---

@mastersthesis{Schilling-2021,
  author  = {Schilling, Martin},
  title   = {Konzeption und Implementierung einer webbasierten Plattform zur Verarbeitung and Analyse von 3D-Punktwolken},
  school  = {Hasso-Plattner-Institut, Universit채t Potsdam},
  year    = {2021}
}

@mastersthesis{Mattes-2021,
  author  = {Mattes, Paul},
  title   = {Analyse und Evaluation von Heuristiken f체r die optimierte Anwendung von Deep-Learning-Modellen und Bodenerkennungsalgortihmen auf 3D-Punktwolken},
  school  = {Hasso-Plattner-Institut, Universit채t Potsdam},
  year    = {2021}
}

@mastersthesis{Kirsten-2021,
  author  = {Kirsten, Kai Robert},
  title   = {Concepts and Technologies for Histogram-Based Abstraction and Categorization of 3D Point Clouds for Deep Learning Analyses},
  school  = {Hasso-Plattner-Institut, Universit채t Potsdam},
  year    = {2021}
}

@article{Zhiqiang.etal-2019,
  author          = {Zhiqiang, Li and Chengqi, Cheng and Mei-Po, Kwan and Xiaochong, Tong and Shaohong, Tian},
  title           = {Identifying Asphalt Pavement Distress Using UAV LiDAR Point Cloud Data and Random Forest Classification},
  journal         = {International Journal of Geo-Information},
  volume          = {8},
  number          = {39},
  year            = {2019}
}

@article{Famili.etal-2021,
  author          = {Famili, Afshin and Shams, Alireza and Davis, William J.},
  title           = {Application of Mobile Terrestrial LiDAR Scanning Systems for Identification of Potential Pavement Rutting Locations},
  journal         = {Transportation Research Record Journal of the Transportation Research Board},
  year            = {2021}
}

% or inproceeding? mentions conference...
@article{Zaboli.etal-2019,
  author          = {Zaboli, M. and Rastiveis, H. and Shams, A. and Hosseiny, B. and Sarasua, W. A.},
  title           = {Classification of Mobile Terrestrial LiDAR Point Cloud in Urban Area Using Local Descriptors},
  journal         = {The International Archives of the Photogrammetry, Remote Sensing and Spatial Information Sciences},
  volume          = {XLII-4},
  number          = {W18},
  year            = {2019}
}

% again not sure about article vs. inproceeding, it's listed as conference paper, but what does 'book' mean in this context...
@article{Thomas.etal-2018,
  author          = {Thomas, Hugues and Deschaud, Jean-Emmanuel and Marcotegui, Beatriz and Goulette, Francois and Le Gall, Yann},
  title           = {Semantic Classification of 3D Point Clouds with Multiscale Spherical Neighborhoods},
  journal         = {International Conference on 3D Vision (3DV)},
  volume          = {10},
  number          = {1109},
  year            = {2018}
}

@inproceedings{Rusu.etal-2008,
  author          = {Rusu, Radu Bogdan and Marton, Zoltan Csaba and Blodow, Nico and Beetz, Michael},
  title           = {Persistent Point Feature Histograms for 3D Point Clouds},
  booktitle       = {In Proceedings of the 10th International Conference on Intelligent Autonomous Systems (IAS-10)},
  year            = {2008}
}

@inproceedings{Rusu.etal-2009,
  author          = {Rusu, Radu Bogdan and Blodow, Nico and Beetz, Michael},
  title           = {Fast Point Feature Histograms (FPFH) for 3D Registration},
  booktitle       = {In Proceedings of the International Conference on Robotics and Automation (ICRA)},
  year            = {2009}
}

@inproceedings{Charles.etal-2017,
  author          = {Charles, R. Qi and Su, Hao and Kaichun, Mo and Guibas, Leonidas J.},
  title           = {PointNet: Deep Learning on Point Sets for 3D Classification and Segmentation},
  booktitle       = {2017 IEEE Conference on Computer Vision and Pattern Recognition (CVPR)},
  year            = {2017}
}

@article{Han.etal-2018,
  title           = {A comprehensive review of 3D point cloud descriptors},
  author          = {Han, Xian-Feng and Jin, Jesse S. and Xie, Juan and Wang, Mingjie and Jiang, Wei},
  journal         = {ArXiv},
  year            = {2018},
  volume          = {abs/1802.02297}
}

@article{Rousseeuw.Hubert-2011,
  author          = {Rousseeuw, Peter J. and Hubert, Mia},
  title           = {Robust statistics for outlier detection},
  journal         = {WIREs Data Mining Knowledge Discovery},
  volume          = {1},
  number          = {73},
  year            = {2011}
}

@inproceedings{Tatoglu.Pochiraju-2012,
  author          = {Tatoglu, Akin and Pochiraju, Kishore},
  title           = {Point cloud segmentation with LIDAR reflection intensity behavior},
  booktitle       = {2012 IEEE International Conference on Robotics and Automation},
  year            = {2012}
}

@article{Li.Cheng-2018,
  author          = {Li, Quan and Cheng, Xiaojun},
  title           = {Comparison of Different Feature Sets for TLS Point Cloud Classification},
  journal         = {Sensors (Basel)},
  volume          = {18},
  number          = {4206},
  year            = {2018}
}

@INPROCEEDINGS{Breiman-2001,
  author          = {Breiman, Leo},
  title           = {Random Forests},
  booktitle       = {Machine Learning},
  year            = {2001}
}

@inproceedings{Kullback.Leibler-1951,
  author          = {Kullback, Solomon and Leibler, Richard A.},
  title           = {On information and sufficiency},
  booktitle       = {The annals of mathematical statistics},
  year            = {1951}
}

@article{Patro.Sahu-2015,
  author          = {Patro, S. Gopal Krishna and Sahu, Kishore Kumar},
  year            = {2015},
  title           = {Normalization: A Preprocessing Stage},
  journal         = {IARJSET}
}

@article{Li.etal-2019,
  author          = {Li, Qinghua and Ma, Yuchi and Anderson, John and Curry, James and Shan, Jie},
  title           = {Towards Uniform Point Density: Evaluation of an Adaptive Terrestrial Laser Scanner},
  journal         = {Remote Sensing},
  volume          = {11},
  number          = {7},
  year            = {2019}
}

@misc{Jung-2020,
  title           = {Machine Learning: Basic Principles}, 
  author          = {Jung, Alexander},
  year            = {2020},
  archivePrefix   = {arXiv}
}

@article{Vosselman-2013,
author = {Vosselman, George},
year = {2013},
title = {Point Cloud Segmentation for Urban Scene Classification},
volume = {XL-7/W2},
journal = {ISPRS - International Archives of the Photogrammetry, Remote Sensing and Spatial Information Sciences}
}

@article{Gezero.Antunes-2019,
  author          = {Gezero, Luis and Antunes, Carlos},
  title           = {Road Rutting Measurement Using Mobile LiDAR Systems Point Cloud},
  journal         = {ISPRS International Journal of Geo-Information},
  volume          = {8},
  number          = {9},
  year            = {2019}
}

@inproceedings{Landrieu.Simonovsky-2018,
author = {Landrieu, Loic and Simonovsky, Martin},
title = {Large-Scale Point Cloud Semantic Segmentation With Superpoint Graphs},
booktitle = {Proceedings of the IEEE Conference on Computer Vision and Pattern Recognition (CVPR)},
year = {2018}
} 

@article{Wenming.etal-2020,
author = {Wenming, Cao and Liu, Qifan and He, Zhiquan},
year = {2020},
title = {Review of Pavement Defect Detection Methods},
volume = {PP}
}